@article{shuman2013emerging,
  title     = {The emerging field of signal processing on graphs: Extending high-dimensional data analysis to networks and other irregular domains},
  author    = {Shuman, David I and Narang, Sunil K and Frossard, Pascal and Ortega, Antonio and Vandergheynst, Pierre},
  journal   = {IEEE signal processing magazine},
  volume    = {30},
  number    = {3},
  pages     = {83--98},
  year      = {2013},
  publisher = {IEEE}
}

@article{qiao2018data,
  title     = {Data-driven graph construction and graph learning: A review},
  author    = {Qiao, Lishan and Zhang, Limei and Chen, Songcan and Shen, Dinggang},
  journal   = {Neurocomputing},
  volume    = {312},
  pages     = {336--351},
  year      = {2018},
  publisher = {Elsevier}
}

